@ARTICLE{becker2008a,
  author = {Steffen Becker and Heiko Koziolek and Ralf Reussner},
  title = {{T}he {P}alladio component model for model-driven performance prediction},
  journal = JSS,
  year = {2009},
  volume = {82},
  pages = {3--22},
  doi = {10.1016/j.jss.2008.03.066},
  publisher = {Elsevier Science Inc.},
  url = {http://dx.doi.org/10.1016/j.jss.2008.03.066}
}

% This file was created with Citavi 6.15.2.0

@book{Beyerer.2016,
 abstract = {Das Lehrbuch behandelt systematisch die Bildgewinnung f{\"u}r die automatische Sichtpr{\"u}fung. Die Autoren leiten die wesentlichen Methoden detailliert ab und stellen alle g{\"a}ngigen Bildgewinnungsverfahren in einem strukturierten Zusammenhang dar. Der zweite Teil des Buches ist der Bildsignalbeschreibung und der Bildauswertung gewidmet, wobei insbesondere Methoden behandelt werden, die f{\"u}r die automatische Sichtpr{\"u}fung relevant sind. Die Autoren skizzieren die Herleitung der beschriebenen Methoden, ohne sich in mathematischen Details zu verlieren. Ihr Ziel ist, dass der Leser die Zusammenh{\"a}nge wirklich versteht und das {\textquotedbl}gro{\ss}e Bild{\textquotedbl} des Fachgebietes erkennt. Das Buch ist in sich geschlossen und bedarf zum Verst{\"a}ndnis keiner erg{\"a}nzenden Literatur. Die 2. Auflage wurde gr{\"u}ndlich {\"u}berarbeitet, inhaltlich erg{\"a}nzt und aktualisiert. Neue Beispiele verdeutlichen den Bezug zur Praxis. Der Inhalt Teil I: Bildgewinnung.- Licht.- Optische Abbildung.- Radiometrie.- Farbe.- Sensoren zur Bildgewinnung.- Bildaufnahmeverfahren.- Teil II: Bildauswertung.- Bildsignale.- Vorverarbeitung und Bildverbesserung.- Bildrestauration.- Segmentierung.- Morphologische Bildverarbeitung.- Texturanalyse.- Detektion.- Multiskalenanalyse. Die Zielgruppen Das Buch eignet sich f{\"u}r Studierende der Informatik, Elektro- und Informationstechnik, der Physik und des Maschinenbaus. Ebenso wendet es sich an Ingenieure in der Automatisierungstechnik. Die Autoren Prof. Dr.-Ing. habil. J{\"u}rgen Beyerer leitet in Personalunion den Lehrstuhl f{\"u}r Interaktive Echtzeitsysteme am Karlsruher Institut f{\"u}r Technologie (KIT) und das Fraunhofer-Institut f{\"u}r Optronik, Systemtechnik und Bildauswertung (IOSB). Prof. Dr.-Ing. Fernando Puente Le{\'o}n lehrt und forscht am Karlsruher Institut f{\"u}r Technologie (KIT) und leitet dort das Institut f{\"u}r Industrielle Informationstechnik (IIIT). Dr.-Ing. Christian Frese ist wissenschaftlicher Mitarbeiter am Fraunhofer-Institut f{\"u}r Optronik, Systemtechnik und Bildauswertung (IOSB).},
 author = {Beyerer, J{\"u}rgen and {Puente Le{\'o}n}, Fernando and Frese, Christian},
 year = {2016},
 title = {Automatische Sichtpr{\"u}fung: Grundlagen, Methoden und Praxis der Bildgewinnung und Bildauswertung},
 address = {Berlin, Heidelberg},
 edition = {2. Aufl. 2016},
 publisher = {{Springer Berlin Heidelberg} and Imprint and {Springer Vieweg}},
 isbn = {978-3-662-47786-1},
 file = {978-3-662-47786-1:Attachments/978-3-662-47786-1.pdf:application/pdf}
}


